Beresford A R, Stajano F. Mix zones: User privacy in location-aware services[J]. 2004.
@article{flath1989introduction,
  title={Introduction to number theory},
  author={Flath, Daniel E},
  year={1989},
  publisher={Wiley}
}
@article{khoshgozaran2011location,
  title={Location privacy: going beyond K-anonymity, cloaking and anonymizers},
  author={Khoshgozaran, Ali and Shahabi, Cyrus and Shirani-Mehr, Houtan},
  journal={Knowledge and Information Systems},
  volume={26},
  number={3},
  pages={435--465},
  year={2011},
  publisher={Springer}
}
@inproceedings{kushilevitz1997replication,
  title={Replication is not needed: Single database, computationally-private information retrieval},
  author={Kushilevitz, Eyal and Ostrovsky, Rafail},
  booktitle={focs},
  pages={364},
  year={1997},
  organization={IEEE}
}
@inproceedings{ghinita2008private,
  title={Private queries in location based services: anonymizers are not necessary},
  author={Ghinita, Gabriel and Kalnis, Panos and Khoshgozaran, Ali and Shahabi, Cyrus and Tan, Kian-Lee},
  booktitle={Proceedings of the 2008 ACM SIGMOD international conference on Management of data},
  pages={121--132},
  year={2008},
  organization={ACM}
}
@inproceedings{jung2013privacy,
  title={Privacy-preserving data aggregation without secure channel: Multivariate polynomial evaluation},
  author={Jung, Taeho and Mao, XuFei and Li, Xiang-Yang and Tang, Shao-Jie and Gong, Wei and Zhang, Lan},
  booktitle={INFOCOM, 2013 Proceedings IEEE},
  pages={2634--2642},
  year={2013},
  organization={IEEE}
}
@inproceedings{shi2011privacy,
  title={Privacy-preserving aggregation of time-series data},
  author={Shi, Elaine and Chan, TH Hubert and Rieffel, Eleanor and Chow, Richard and Song, Dawn},
  booktitle={Proc. NDSS},
  volume={2},
  pages={1--17},
  year={2011}
}
@article{oleshchuk2007secure,
  title={Secure multi-party computations and privacy preservation: Results and open problems},
  author={Oleshchuk, Vladimir A and Zadorozhny, Vladimir},
  journal={Telektronikk},
  volume={103},
  number={2},
  pages={20},
  year={2007},
  publisher={Citeseer}
}
@inproceedings{du2001secure,
  title={Secure multi-party computation problems and their applications: a review and open problems},
  author={Du, Wenliang and Atallah, Mikhail J},
  booktitle={Proceedings of the 2001 workshop on New security paradigms},
  pages={13--22},
  year={2001},
  organization={ACM}
}
@inproceedings{goldwasser1997multi,
  title={Multi party computations: past and present},
  author={Goldwasser, Shafi},
  booktitle={Proceedings of the sixteenth annual ACM symposium on Principles of distributed computing},
  pages={1--6},
  year={1997},
  organization={ACM}
}
@article{clifton2002tools,
  title={Tools for privacy preserving distributed data mining},
  author={Clifton, Chris and Kantarcioglu, Murat and Vaidya, Jaideep and Lin, Xiaodong and Zhu, Michael Y},
  journal={ACM Sigkdd Explorations Newsletter},
  volume={4},
  number={2},
  pages={28--34},
  year={2002},
  publisher={ACM}
}
@inproceedings{yao1982protocols,
  title={Protocols for secure computations},
  author={Yao, Andrew C},
  booktitle={Foundations of Computer Science, 1982. SFCS'08. 23rd Annual Symposium on},
  pages={160--164},
  year={1982},
  organization={IEEE}
}
@inproceedings{li2007t,
  title={t-closeness: Privacy beyond k-anonymity and l-diversity},
  author={Li, Ninghui and Li, Tiancheng and Venkatasubramanian, Suresh},
  booktitle={Data Engineering, 2007. ICDE 2007. IEEE 23rd International Conference on},
  pages={106--115},
  year={2007},
  organization={IEEE}
}
@article{machanavajjhala2007diversity,
  title={l-diversity: Privacy beyond k-anonymity},
  author={Machanavajjhala, Ashwin and Kifer, Daniel and Gehrke, Johannes and Venkitasubramaniam, Muthuramakrishnan},
  journal={ACM Transactions on Knowledge Discovery from Data (TKDD)},
  volume={1},
  number={1},
  pages={3},
  year={2007},
  publisher={ACM}
}
@incollection{juncheng2014potential,
  title={Potential Attacks against k-Anonymity on LBS and Solutions for Defending the Attacks},
  author={Juncheng, Pan and Huimin, Deng and Yinghui, Song and Dong, Li},
  booktitle={Advances in Computer Science and its Applications},
  pages={877--883},
  year={2014},
  publisher={Springer}
}
@inproceedings{hossain2011h,
  title={H-star: Hilbert-order based star network expansion cloaking algorithm in road networks},
  author={Hossain, Al-Amin and Hossain, Amina and Yoo, Hye-Kyeom and Chang, Jae-Woo},
  booktitle={Computational Science and Engineering (CSE), 2011 IEEE 14th International Conference on},
  pages={81--88},
  year={2011},
  organization={IEEE}
}
@article{wang2009privacy,
  title={Privacy-aware mobile services over road networks},
  author={Wang, Ting and Liu, Ling},
  journal={Proceedings of the VLDB Endowment},
  volume={2},
  number={1},
  pages={1042--1053},
  year={2009},
  publisher={VLDB Endowment}
}
@article{kalnis2007preventing,
  title={Preventing location-based identity inference in anonymous spatial queries},
  author={Kalnis, Panos and Ghinita, Gabriel and Mouratidis, Kyriakos and Papadias, Dimitris},
  journal={Knowledge and Data Engineering, IEEE Transactions on},
  volume={19},
  number={12},
  pages={1719--1733},
  year={2007},
  publisher={IEEE}
}
@incollection{ardagna2007location,
  title={Location privacy protection through obfuscation-based techniques},
  author={Ardagna, Claudio Agostino and Cremonini, Marco and Damiani, Ernesto and Di Vimercati, S De Capitani and Samarati, Pierangela},
  booktitle={Data and Applications Security XXI},
  pages={47--60},
  year={2007},
  publisher={Springer}
}
@article{pan2012protecting,
  title={Protecting location privacy against location-dependent attacks in mobile services},
  author={Pan, Xiao and Xu, Jianliang and Meng, Xiaofeng},
  journal={Knowledge and Data Engineering, IEEE Transactions on},
  volume={24},
  number={8},
  pages={1506--1519},
  year={2012},
  publisher={IEEE}
}
@inproceedings{wang2010device,
  title={In-device spatial cloaking for mobile user privacy assisted by the cloud},
  author={Wang, Song and Wang, X Sean},
  booktitle={Mobile Data Management (MDM), 2010 Eleventh International Conference on},
  pages={381--386},
  year={2010},
  organization={IEEE}
}
@inproceedings{xu2009feeling,
  title={Feeling-based location privacy protection for location-based services},
  author={Xu, Toby and Cai, Ying},
  booktitle={Proceedings of the 16th ACM conference on Computer and communications security},
  pages={348--357},
  year={2009},
  organization={ACM}
}
@article{xu2010privacy,
  title={Privacy-conscious location-based queries in mobile environments},
  author={Xu, Jianliang and Tang, Xueyan and Hu, Haibo and Du, Jing},
  journal={Parallel and Distributed Systems, IEEE Transactions on},
  volume={21},
  number={3},
  pages={313--326},
  year={2010},
  publisher={IEEE}
}



@article{Mix,
  author    = {R A Beresford and F Stajano},
  title     = {Mix zones: User privacy in location-aware services},
  journal   = { IEEE Pervasive computing},
  year      = {2004}
}
@inproceedings{Dummies,
  author    = {H Kido and Y Yanagisawa and T Satoh},
  title     = {An anonymous communication technique using dummies for location-based services},
  booktitle = {ICPS},
  pages     = {88-97},
  publisher = {IEEE},
  year      = {2005}
}
@book{zhanghao,
  author    = {张浩},
  title     = {基于位置服务的信息隐私保护技术研究},
  publisher = {中国科学技术大学},
  year      = {2014}
}
@inproceedings{Williams,
  author    = {P Williams and R Sion},
  title     = {Usable PIR},
  booktitle = {NDSS},
  year      = {2008}
}
@inproceedings{Gruteser,
  author    = {M Gruteser and D Grunwald},
  title     = {Anonymous usage of location-based services through spatial and temporal cloaking},
  booktitle = {Proceedings of the 1st international conference on Mobile systems, applications and services},
  pages     = {31--42},
  publisher = {ACM},
  year      = {2003}
}
@inproceedings{ChengR,
  author    = {R Cheng and Y Zhang and E Bertino},
  title     = {Preserving user location privacy in mobile data management infrastructures},
  booktitle = {Privacy Enhancing Technologies},
  pages     = {393--412},
  publisher = {Springer Berlin Heidelberg},
  year      = {2006}
}
@book{WuYinJie,
  author    = {Wu Yinjie},
  title     = {Privacy Preserving Data Publishing:Models and Algorithms},
  publisher = {Tsinghua University Press},
  year      = {2015}
}
@inproceedings{GhinitaPRIVE,
  author    = {G Ghinita and P Kalnis and S Skiadopoulos},
  title     = {PRIVE: anonymous location-based queries in distributed mobile systems},
  booktitle = {Proceedings of the 16th international conference on World Wide Web},
  pages     = {371--380},
  publisher = {ACM},
  year      = {2007}
}
@inproceedings{Ghinita,
  author    = {G Ghinita and P Kalnis and A Khoshgozaran},
  title     = {Private queries in location based services: anonymizers are not necessary},
  booktitle = {Proceedings of the 2008 ACM SIGMOD international conference on Management of data},
  pages     = {121--132},
  publisher = {ACM},
  year      = {2008}
}
@techreport{Khoshgozaran,
  author    = {A Khoshgozaran and C Shahabi},
  title     = {Blind evaluation of nearest neighbor queries using space transformation to preserve location privacy},
  institution = {Advances in Spatial and Temporal Databases. Springer Berlin Heidelberg},
  pages     = {239--257},
  year      = {2007}
}
@inproceedings{HuH,
  author    = {H Hu and J Xu and C Ren},
  title     = {Processing private queries over untrusted data cloud through privacy homomorphism},
  booktitle = {Data Engineering (ICDE)},
  pages     = {601--612},
  publisher = {IEEE},
  year      = {2011}
}
@inproceedings{Shankar,
  author    = {P Shankar and V Ganapathy and L Iftode},
  title     = {Privately querying location-based services with SybilQuery},
  booktitle = {Proceedings of the 11th international conference on Ubiquitous computing},
  pages     = {31--40},
  publisher = {ACM},
  year      = {2009}
}
@inproceedings{YiuML,
  author    = {L M Yiu and C S Jensen and X Huang},
  title     = {Spacetwist: Managing the trade-offs among location privacy, query performance, and query accuracy in mobile services},
  booktitle = {In Proc.ICDE},
  pages     = {366--375},
  year      = {2008}
}
@inproceedings{Mokbel,
  author    = {F M Mokbel and Y C Chow and W G Aref},
  title     = {The new Casper: query processing for location services without compromising privacy},
  booktitle = {Proceedings of the 32nd international conference on Very large data bases. VLDB Endowment},
  pages     = {763--774},
  year      = {2006}
}
@inproceedings{Chow,
  author    = {Y C Chow and F M Mokbel and X Liu},
  title     = { A peer-to-peer spatial cloaking algorithm for anonymous location-based service},
  booktitle = {Proceedings of the 14th annual ACM international symposium on Advances in geographic information systems},
  publisher = {ACM},
  pages     = {171--178},
  year      = {2006}
}
@inproceedings{Bamba,
  author    = {B Bamba and L Liu and P Pesti},
  title     = {Supporting anonymous location queries in mobile environments with privacygrid},
  booktitle = {Proceedings of the 17th international conference on World Wide Web},
  publisher = {ACM},
  pages     = {237--246},
  year      = {2008}
}
@article{Beresford,
  author    = {R A Beresford and F Stajano},
  title     = {Location privacy in pervasive computing},
  journal   = { IEEE Pervasive computing},
  volume    = {2},
  number    = {1},
  pages     = {46--55},
  year      = {2003}
}
@inproceedings{Youssef,
  author    = {M Youssef and V Atluri and R N Adam},
  title     = {Preserving mobile customer privacy: An access control system for moving objects and customer profiles},
  booktitle = {Proceedings of the 6th international conference on Mobile data management},
  publisher = {ACM},
  pages     = {67--76},
  year      = {2005}
}
@article{Myles,
  author    = {G Myles and A Friday and N Davies},
  title     = {Preserving privacy in environments with location-based applications},
  journal   = {IEEE Pervasive Computing},
  volume    = {2},
  number    = {1},
  pages     = {56--64},
  year      = {2003}
}
@article{kanonomy,
  author    = {L Sweeney},
  title     = {Achieving k-anonymity privacy protection using generalization and suppression},
  journal   = {International Journal of Uncertainty, Fuzziness and Knowledge-Based Systems},
  volume    = {10},
  number    = {5},
  pages     = {571--588},
  year      = {2002}
}
@book{differential,
  author    = {C Dwork},
  title     = {Differential privacy},
  publisher = {Automata, languages and programming. Springer Berlin Heidelberg},
  pages     = {1--12},
  year      = {2006}
}
@inproceedings{muticompute,
  author    = {S Goldwasser},
  title     = {Multi party computations: past and present},
  booktitle = {Proceedings of 16th Annual ACM Symposium on Principles of Distributed Computing},
  publisher = {ACM},
  year      = {1997}
}
@inproceedings{homomor,
  author    = {C Gentry},
  title     = {Fully homomorphic encryption using ideal lattices},
  booktitle = {STOC},
  location = {Mannheim, Germany},
  pages     = {169-178},
  year      = {2009}
}
@article{group,
  author    = {Lu Rongxing and Li Xiaodong and H Luan Tom and Liang Xiaohui and Shen Xuemin },
  title     = {Pseudonym changing at social spots: An effective strategy for location privacy in vanets},
  journal   = {IEEE Transactions on Vehicular Technology},
  volume    = {61},
  number    = {1},
  pages     = {86--96},
  year      = {2012}
}
@article{sweeney,
  author    = {L Sweeney},
  title     = {k-anonymity: a model for protecting privacy},
  journal   = {International Journal on Uncertainty,Fuzziness and Knowledge-based System},
  volume    = {10},
  number    = {5},
  pages     = {557--570},
  year      = {2002}
}
@inproceedings{Mobile,
  author    = {M F Mokbel},
  title     = {Privacy in Location-Based Services:State-of-the-Art and Research Direction},
  booktitle = {Proceedings of the 8th International Conference on Mobile Data Management},
  location = {Mannheim, Germany},
  year      = {2007}
}
@inproceedings{knn,
  author    = {Yi Xun and Paulet Russell and Bertino Elisa and Varadharajan Vijay},
  title     = {Practical k nearest neighbor queries with location privacy},
  booktitle = {2014 IEEE 30th International Conference on Data Engineering},
  year      = {2014},
  pages = {640--651},
  location = {Chicago, IL},
  publisher = {IEEE}
}
@techreport{RSAInfo,
  author    = {王丽娜},
  title     = {于移动互联网络的位置服务隐私保护},
  institution = {RSA信息安全大会},
  year      = {2012}
}
